@ARTICLE{Bester85,
  author = {Helmut Bester},
  title = {Screening vs. Rationing in Credit Markets with Imperfect Information},
  journal = {The American Economic Review},
  year = {1985},
  volume = {75(4)},
  pages = {850-855},
}

@ARTICLE{Bolton09,
  author = {Patrick Bolton and Xavier Freixas and Joel Shapiro},
  title = {The Credit Ratings Game},
  journal = {NBER Working Paper},
  year = {2009},
  volume = {14712},
}

@ARTICLE{Comin06,
  author = {Diego A. Comin and Thomas Philippon},
  title = {The Rise in Firm-Level Volatility: Causes and Consequences},
  journal = {NBER Macroeconomics Annual 2005},
  year = {2006},
  volume = {20},
  pages = {167-228},
}

@ARTICLE{Elton01,
  author = {Edwin J. Elton and Martin J. Gruber and Deepak Agrawal and Christopher Mann},
  title = {Explaining the Rate Spread on Corporate Bonds},
  journal = {The Journal of Finance},
  year = {2001},
  volume = {56(1)},
  pages = {247-277},
}

@ARTICLE{He11,
  author = {Jie He and Jun Qian and Philip E. Strahan},
  title = {Credit Ratings and the Evolution of the Mortgage-Backed Securities
	Market},
  journal = {The American Economic Review: Papers \& Proceedings},
  year = {2011},
  volume = {101(3)},
  pages = {131-135},
}

@ARTICLE{Iliev10,
  author = {Peter Iliev and Ivo Welch},
  title = {Reconciling Estimates of the Speed of Adjustment of Leverage Ratios},
  journal = {Working Paper},
  year = {2010},
  volume = {October},
}

@ARTICLE{Manso11,
  author = {Gustavo Manso},
  title = {Feedback Effects of Credit Ratings},
  journal = {Working Paper},
  year = {2011},
  volume = {August},
}

@ARTICLE{Peter95,
  author = {Petersen and Rajan},
  title = {The Effect of Credit Market Competition on Lending Relationships},
  journal = {The Quarterly Journal of Economics},
  year = {1995},
  volume = {110(2)},
  pages = {407-443}
}

@ARTICLE{Skreta09,
  author = {Vasiliki Skreta and Laura Veldkamp},
  title = {Ratings shopping and asset complexity: A theory of ratings inflation},
  journal = {Journal of Monetary Economics},
  year = {2009},
  volume = {56},
  pages = {678-695},
}

@ARTICLE{Stiglitz81,
  author = {Joseph E. Stiglitz and Andrew Weiss},
  title = {Credit Rationing in Markets with Imperfect Information},
  journal = {The American Economic Review},
  year = {1981},
  volume = {71(3)},
  pages = {393-410},
}

@ARTICLE{Dash11,
  author = {Eric Dash},
  title = {{AAA} Rating Is a Rarity in Business},
  journal = {The New York Times},
  year = {2011},
  month = {August},
  url = {http://www.nytimes.com/2011/08/03/business/aaa-rating-is-a-rarity-in-business.html}
}
